@INPROCEEDINGS{Gabel2010:uniqueness,
  author = {Gabel, Mark and Su, Zhendong},
  title = {A study of the uniqueness of source code},
  booktitle = {Proceedings of the eighteenth ACM SIGSOFT international symposium
	on Foundations of software engineering},
  year = {2010},
  series = {FSE '10},
  pages = {147--156},
  address = {New York, NY, USA},
  publisher = {ACM},
  acmid = {1882315},
  isbn = {978-1-60558-791-2},
  keywords = {large scale study, software uniqueness, source code},
  location = {Santa Fe, New Mexico, USA},
  numpages = {10}
}

