@inproceedings{brubaker2014using,
  title={Using Frankencerts for Automated Adversarial Testing of Certificate Validation in SSL/TLS Implementations},
  author={Brubaker, Chad and Jana, Suman and Ray, Baishakhi and Khurshid, Sarfraz and Shmatikov, Vitaly},
  booktitle={IEEE Symposium on Security and Privacy 2014},
  year={2014},
  organization={IEEE}
}
